<?xml version="1.0" encoding="UTF-8"?><record xmlns="http://www.loc.gov/MARC21/slim" xmlns:cinclude="http://apache.org/cocoon/include/1.0" xmlns:zs="http://www.loc.gov/zing/srw/">
  <leader>00706cz  a2200157n  4500</leader>
  <controlfield tag="001">n  84121213 </controlfield>
  <controlfield tag="003">DLC</controlfield>
  <controlfield tag="005">20081203080618.0</controlfield>
  <controlfield tag="008">841226n| acannaabn          |a ana     c</controlfield>
  <datafield tag="010" ind1=" " ind2=" ">
    <subfield code="a">n  84121213 </subfield>
  </datafield>
  <datafield tag="035" ind1=" " ind2=" ">
    <subfield code="a">(OCoLC)oca01249820</subfield>
  </datafield>
  <datafield tag="040" ind1=" " ind2=" ">
    <subfield code="a">InU</subfield>
    <subfield code="b">eng</subfield>
    <subfield code="c">DLC</subfield>
    <subfield code="d">DLC</subfield>
    <subfield code="d">OCoLC</subfield>
  </datafield>
  <datafield tag="110" ind1="2" ind2=" ">
    <subfield code="a">Association of History Teachers of the Middle States and Maryland</subfield>
  </datafield>
  <datafield tag="510" ind1="2" ind2=" ">
    <subfield code="w">b</subfield>
    <subfield code="a">Middle States Association of History Teachers (U.S.)</subfield>
  </datafield>
  <datafield tag="670" ind1=" " ind2=" ">
    <subfield code="a">Its Convention. Minutes, Mar. 11 and 12, 1904:</subfield>
    <subfield code="b">t.p. (Association of History Teachers of the Middle States and Maryland)</subfield>
  </datafield>
  <datafield tag="675" ind1=" " ind2=" ">
    <subfield code="a">Middle States Association of History Teachers (U.S.). Proceedings, 1932: t.p. (Middle States Association of History Teachers, Washington, D.C.)</subfield>
  </datafield>
</record>